<record><leader>00000cas a22000007a 4500</leader><controlfield tag="001">9248942</controlfield><controlfield tag="008">830223d18381839mauwr ne      0    0eng d</controlfield><datafield ind1=" " ind2=" " tag="010"><subfield code="a">sn 83020071 </subfield></datafield><datafield ind1=" " ind2=" " tag="040"><subfield code="a">NPX</subfield><subfield code="b">eng</subfield><subfield code="c">NPX</subfield><subfield code="d">MGN</subfield><subfield code="d">YOX</subfield><subfield code="d">MGN</subfield><subfield code="d">KRTAS</subfield><subfield code="d">OCLCQ</subfield></datafield><datafield ind1=" " ind2=" " tag="042"><subfield code="a">msc</subfield></datafield><datafield ind1="0" ind2="0" tag="245"><subfield code="a">Barre weekly gazette.</subfield></datafield><datafield ind1=" " ind2=" " tag="260"><subfield code="a">Barre, Mass. :</subfield><subfield code="b">A. Alden</subfield></datafield><datafield ind1=" " ind2=" " tag="300"><subfield code="a">v.</subfield></datafield><datafield ind1=" " ind2=" " tag="310"><subfield code="a">Weekly</subfield></datafield><datafield ind1="1" ind2=" " tag="362"><subfield code="a">Began in 1838; ceased May 10, 1839?</subfield></datafield><datafield ind1=" " ind2=" " tag="530"><subfield code="a">Also issued on microfilm from Readex Microprint Corp.</subfield></datafield><datafield ind1=" " ind2=" " tag="588"><subfield code="a">Description based on: Vol. 5, no. 3 (June 1, 1838).</subfield></datafield><datafield ind1=" " ind2=" " tag="752"><subfield code="a">United States</subfield><subfield code="b">Massachusetts</subfield><subfield code="c">Worcester</subfield><subfield code="d">Barre.</subfield></datafield><datafield ind1="0" ind2="0" tag="780"><subfield code="t">Barre gazette (Barre, Mass. : 1835)</subfield><subfield code="w">(DLC)sn 83020070</subfield></datafield><datafield ind1="0" ind2="0" tag="785"><subfield code="t">Barre gazette (Barre, Mass. : 1839)</subfield><subfield code="w">(DLC)sn 83020072</subfield></datafield><datafield ind1=" " ind2=" " tag="938"><subfield code="a">Kirtas Technologies, Inc.</subfield><subfield code="b">KRTS</subfield><subfield code="n">736192</subfield></datafield></record>